@book{
smolka,
author = {Smolka, Jaroslav},
title = {{DÄ›jiny hudby}},
year = {2001}
}

@misc{
wiki_pitch,
title = {{History of pitch standards in Western music}},
url = {http://en.wikipedia.org/wiki/Concert_pitch#History_of_pitch_standards_in_Western_music}
}

@misc{
bernstein,
author = {Bernstein, Leonard},
title = {{The Unanswered Question}},
year = {1973},
url = {http://www.youtube.com/watch?v=U3HLqCHO08s}
}